<record><leader>00000cas a2200000 a 4500</leader><controlfield tag="001">30686071</controlfield><controlfield tag="008">940629d19251930iludr ne      0   a0eng c</controlfield><datafield ind1=" " ind2=" " tag="010"><subfield code="a">sn 94054352 </subfield></datafield><datafield ind1=" " ind2=" " tag="040"><subfield code="a">NVF</subfield><subfield code="b">eng</subfield><subfield code="c">NVF</subfield><subfield code="d">OCLCQ</subfield><subfield code="d">CVF</subfield><subfield code="d">NVF</subfield><subfield code="d">OCLCQ</subfield><subfield code="d">OCLCF</subfield><subfield code="d">OCLCO</subfield><subfield code="d">NVF</subfield></datafield><datafield ind1=" " ind2=" " tag="042"><subfield code="a">pcc</subfield></datafield><datafield ind1=" " ind2=" " tag="043"><subfield code="a">n-us-il</subfield></datafield><datafield ind1="0" ind2=" " tag="130"><subfield code="a">Rockford daily republic (Rockford, Ill. : 1925)</subfield></datafield><datafield ind1="1" ind2="0" tag="245"><subfield code="a">Rockford daily republic.</subfield></datafield><datafield ind1="1" ind2=" " tag="246"><subfield code="i">Published on Sundays as:</subfield><subfield code="a">Rockford Sunday republic</subfield><subfield code="f">June 15-Sept. 21, 1930</subfield></datafield><datafield ind1=" " ind2=" " tag="260"><subfield code="a">Rockford, Ill. :</subfield><subfield code="b">Republic Co. of Rockford,</subfield><subfield code="c">1925-1930.</subfield></datafield><datafield ind1=" " ind2=" " tag="300"><subfield code="a">volumes</subfield></datafield><datafield ind1=" " ind2=" " tag="310"><subfield code="a">Daily,</subfield><subfield code="b">June 1-Sept. 27, 1930</subfield></datafield><datafield ind1=" " ind2=" " tag="321"><subfield code="a">Daily (except Sunday),</subfield><subfield code="b">Sept. 3, 1925-May 31, 1930</subfield></datafield><datafield ind1="0" ind2=" " tag="362"><subfield code="a">36th year, no. 10,096 (Sept. 3, 1925)-41st year, no. 12,174 (Sept. 27, 1930).</subfield></datafield><datafield ind1=" " ind2=" " tag="580"><subfield code="a">Merged with: Rockford daily register-gazette, to form: Rockford register-republic.</subfield></datafield><datafield ind1=" " ind2="0" tag="651"><subfield code="a">Rockford (Ill.)</subfield><subfield code="v">Newspapers.</subfield></datafield><datafield ind1=" " ind2="7" tag="651"><subfield code="a">Illinois</subfield><subfield code="z">Rockford.</subfield><subfield code="2">fast</subfield><subfield code="0">(OCoLC)fst01208839</subfield></datafield><datafield ind1=" " ind2="7" tag="655"><subfield code="a">Newspapers.</subfield><subfield code="2">fast</subfield><subfield code="0">(OCoLC)fst01423814</subfield></datafield><datafield ind1=" " ind2=" " tag="752"><subfield code="a">United States</subfield><subfield code="b">Illinois</subfield><subfield code="c">Winnebago County</subfield><subfield code="d">Rockford.</subfield></datafield><datafield ind1="0" ind2="0" tag="780"><subfield code="t">Rockford republic (Rockford, Ill. : 1908)</subfield><subfield code="w">(DLC)sn 87082502</subfield><subfield code="w">(OCoLC)15799674</subfield></datafield><datafield ind1="1" ind2="7" tag="785"><subfield code="t">Rockford daily register-gazette</subfield><subfield code="w">(DLC)sn 82014326</subfield><subfield code="w">(OCoLC)8773395</subfield></datafield><datafield ind1="1" ind2="7" tag="785"><subfield code="t">Rockford register-republic</subfield><subfield code="w">(DLC)sn 86086413</subfield><subfield code="w">(OCoLC)13346739</subfield></datafield><datafield ind1="1" ind2=" " tag="029"><subfield code="a">AU@</subfield><subfield code="b">000025879503</subfield></datafield></record>